
<record>
  <leader>02264cam a22003377i 4500</leader>
  <controlfield tag="001">19072966</controlfield>
  <controlfield tag="005">20200103121106.0</controlfield>
  <controlfield tag="008">160318e201512  sp            000 0 spa  </controlfield>
  <datafield tag="906" ind1=" " ind2=" ">
    <subfield code="a">7</subfield>
    <subfield code="b">cbc</subfield>
    <subfield code="c">origres</subfield>
    <subfield code="d">4</subfield>
    <subfield code="e">ncip</subfield>
    <subfield code="f">20</subfield>
    <subfield code="g">y-gencatlg</subfield>
  </datafield>
  <datafield tag="925" ind1="0" ind2=" ">
    <subfield code="a">acquire</subfield>
    <subfield code="b">1 shelf copy</subfield>
    <subfield code="x">policy default</subfield>
  </datafield>
  <datafield tag="955" ind1=" " ind2=" ">
    <subfield code="b">be13 2016-07-26</subfield>
    <subfield code="h">be07 2016-09-15 to Shelf (telework)</subfield>
  </datafield>
  <datafield tag="010" ind1=" " ind2=" ">
    <subfield code="a">  2016450103</subfield>
  </datafield>
  <datafield tag="020" ind1=" " ind2=" ">
    <subfield code="a">9788415046356</subfield>
  </datafield>
  <datafield tag="020" ind1=" " ind2=" ">
    <subfield code="a">8415046359</subfield>
  </datafield>
  <datafield tag="035" ind1=" " ind2=" ">
    <subfield code="a">(SP-BaPL)pu160605607</subfield>
  </datafield>
  <datafield tag="040" ind1=" " ind2=" ">
    <subfield code="a">DLC</subfield>
    <subfield code="b">eng</subfield>
    <subfield code="c">DLC</subfield>
    <subfield code="e">rda</subfield>
  </datafield>
  <datafield tag="050" ind1="0" ind2="0">
    <subfield code="a">MLCS 2016/43668 (P)</subfield>
  </datafield>
  <datafield tag="100" ind1="1" ind2=" ">
    <subfield code="a">Fonseca Escartin, Jesús,</subfield>
    <subfield code="d">1952-</subfield>
    <subfield code="e">author.</subfield>
  </datafield>
  <datafield tag="240" ind1="1" ind2="0">
    <subfield code="a">Poems.</subfield>
    <subfield code="k">Selections</subfield>
  </datafield>
  <datafield tag="245" ind1="1" ind2="0">
    <subfield code="a">Inesperadamente /</subfield>
    <subfield code="c">Jesús Fonseca.</subfield>
  </datafield>
  <datafield tag="264" ind1=" " ind2="1">
    <subfield code="a">[Valladolid] :</subfield>
    <subfield code="b">Fundación Jorge Guillén :</subfield>
    <subfield code="b">Diputación de Valladolid,</subfield>
    <subfield code="c">diciembre de 2015.</subfield>
  </datafield>
  <datafield tag="300" ind1=" " ind2=" ">
    <subfield code="a">88 pages ;</subfield>
    <subfield code="c">20 cm.</subfield>
  </datafield>
  <datafield tag="336" ind1=" " ind2=" ">
    <subfield code="a">text</subfield>
    <subfield code="2">rdacontent</subfield>
  </datafield>
  <datafield tag="337" ind1=" " ind2=" ">
    <subfield code="a">unmediated</subfield>
    <subfield code="2">rdamedia</subfield>
  </datafield>
  <datafield tag="338" ind1=" " ind2=" ">
    <subfield code="a">volume</subfield>
    <subfield code="2">rdacarrier</subfield>
  </datafield>
  <datafield tag="490" ind1="0" ind2=" ">
    <subfield code="a">Maravillas concretas ;</subfield>
    <subfield code="v">12</subfield>
  </datafield>
  <datafield tag="500" ind1=" " ind2=" ">
    <subfield code="a">&quot;Villa del Libro, urueña, Diputación de Valladolid.&quot;</subfield>
  </datafield>
  <datafield tag="505" ind1="0" ind2=" ">
    <subfield code="a">Prólogo / Fermín Herrero -- Me pregunto. Vuelvo a ti. Tus dos manos. Por siempre jamás. Lo que Dios guarda. Tocar el cielo. Un gesto. Lo demás sobra. Llegará la muerte -- Poemas recién arados. Aquel mar. Yo no sé. Tierra de Campos. Despertar en Tejares. Poema que cruje. Poema recién arado. Praia Estreita. Aire alto. Hacia ninguna parte. Aquí quieto. De ser posible. Flor de nieve -- Olor a arcilla. Olor a arcilla. Risas de cartón. Como los olivos. Sonrisas y lágrimas. Tan fácil. Paz con sangre. Mismas máscaras. Sin disfraces. Cuesta arriba. Son ellas -- Callar tan sólo. Estar en ti. No hablar, sino callar. Pura escucha. Pájaro mochilero. Al oído del alma. Levantar la vida. Cuestión de fe. El silencio es oro -- Lo demás sobra. Gente de fiar. Acertó el maestro. Oración de gracias. Sin más. Poema sin ego. Pena capital. Mi corazón vela. Letra menuda. 13 de noviembre de 2015 -- Es decir, Dios. Un sentir distinto. Tras esos muros. Credo del gacetillero. Dar gloria. Mirando al cielo. Tanatorio. Signo de los tiempos. Dame tu mano. Es decir, Dios.</subfield>
  </datafield>
  <datafield tag="700" ind1="1" ind2=" ">
    <subfield code="a">Herrero, Fermín,</subfield>
    <subfield code="e">writer of added commentary.</subfield>
  </datafield>
  <datafield tag="923" ind1=" " ind2=" ">
    <subfield code="d">20160426</subfield>
    <subfield code="n">199277</subfield>
    <subfield code="s">SP-BaPL</subfield>
  </datafield>
  <datafield tag="985" ind1=" " ind2=" ">
    <subfield code="e">VENDOR LOAD</subfield>
  </datafield>
</record>