
<record>
  <leader>00862cam a22002777i 4500</leader>
  <controlfield tag="001">19073056</controlfield>
  <controlfield tag="005">20200103121107.0</controlfield>
  <controlfield tag="008">160415e201507  sp            000 0 spa  </controlfield>
  <datafield tag="906" ind1=" " ind2=" ">
    <subfield code="a">7</subfield>
    <subfield code="b">cbc</subfield>
    <subfield code="c">origres</subfield>
    <subfield code="d">4</subfield>
    <subfield code="e">ncip</subfield>
    <subfield code="f">20</subfield>
    <subfield code="g">y-gencatlg</subfield>
  </datafield>
  <datafield tag="925" ind1="0" ind2=" ">
    <subfield code="a">acquire</subfield>
    <subfield code="b">1 shelf copy</subfield>
    <subfield code="x">policy default</subfield>
  </datafield>
  <datafield tag="955" ind1=" " ind2=" ">
    <subfield code="b">be07 2016-07-11</subfield>
    <subfield code="h">be07 2016-07-15 to Shelf (telework)</subfield>
  </datafield>
  <datafield tag="010" ind1=" " ind2=" ">
    <subfield code="a">  2016444183</subfield>
  </datafield>
  <datafield tag="020" ind1=" " ind2=" ">
    <subfield code="a">9788416321827</subfield>
  </datafield>
  <datafield tag="035" ind1=" " ind2=" ">
    <subfield code="a">(SP-BaPL)pu160606996</subfield>
  </datafield>
  <datafield tag="040" ind1=" " ind2=" ">
    <subfield code="a">DLC</subfield>
    <subfield code="b">eng</subfield>
    <subfield code="c">DLC</subfield>
    <subfield code="e">rda</subfield>
  </datafield>
  <datafield tag="050" ind1="0" ind2="0">
    <subfield code="a">MLCS 2016/42627 (P)</subfield>
  </datafield>
  <datafield tag="100" ind1="1" ind2=" ">
    <subfield code="a">Luna, Paco.</subfield>
  </datafield>
  <datafield tag="245" ind1="1" ind2="0">
    <subfield code="a">Terror entre cítricos /</subfield>
    <subfield code="c">Paco Luna.</subfield>
  </datafield>
  <datafield tag="250" ind1=" " ind2=" ">
    <subfield code="a">Primera edición.</subfield>
  </datafield>
  <datafield tag="264" ind1=" " ind2="1">
    <subfield code="a">Madrid :</subfield>
    <subfield code="b">Éride Ediciones,</subfield>
    <subfield code="c">Julio, 2015.</subfield>
  </datafield>
  <datafield tag="300" ind1=" " ind2=" ">
    <subfield code="a">152 pages ;</subfield>
    <subfield code="c">22 cm</subfield>
  </datafield>
  <datafield tag="336" ind1=" " ind2=" ">
    <subfield code="a">text</subfield>
    <subfield code="2">rdacontent</subfield>
  </datafield>
  <datafield tag="337" ind1=" " ind2=" ">
    <subfield code="a">unmediated</subfield>
    <subfield code="2">rdamedia</subfield>
  </datafield>
  <datafield tag="338" ind1=" " ind2=" ">
    <subfield code="a">volume</subfield>
    <subfield code="2">rdacarrier</subfield>
  </datafield>
  <datafield tag="923" ind1=" " ind2=" ">
    <subfield code="d">20160426</subfield>
    <subfield code="n">199280</subfield>
    <subfield code="s">SP-BaPL</subfield>
  </datafield>
  <datafield tag="985" ind1=" " ind2=" ">
    <subfield code="e">VENDOR LOAD</subfield>
  </datafield>
</record>