
<record>
  <leader>02024cam a22004697i 4500</leader>
  <controlfield tag="001">19076775</controlfield>
  <controlfield tag="005">20200103150628.0</controlfield>
  <controlfield tag="008">160421t20162016cau      b    000 0 eng c</controlfield>
  <datafield tag="906" ind1=" " ind2=" ">
    <subfield code="a">7</subfield>
    <subfield code="b">cbc</subfield>
    <subfield code="c">pccadap</subfield>
    <subfield code="d">2</subfield>
    <subfield code="e">ncip</subfield>
    <subfield code="f">20</subfield>
    <subfield code="g">y-gencatlg</subfield>
  </datafield>
  <datafield tag="925" ind1="0" ind2=" ">
    <subfield code="a">acquire</subfield>
    <subfield code="b">1 shelf copy</subfield>
    <subfield code="x">policy default</subfield>
  </datafield>
  <datafield tag="955" ind1=" " ind2=" ">
    <subfield code="a">pc24 2016-04-21</subfield>
    <subfield code="a">rl00 2017-06-27 to SMA</subfield>
    <subfield code="b">rl02 2017-07-06 z-processor</subfield>
    <subfield code="i">rl02 2017-07-13 to Dewey</subfield>
    <subfield code="w">xm08 2017-07-24 (telework)</subfield>
  </datafield>
  <datafield tag="010" ind1=" " ind2=" ">
    <subfield code="a">  2016939467</subfield>
  </datafield>
  <datafield tag="016" ind1="7" ind2=" ">
    <subfield code="a">101692676</subfield>
    <subfield code="2">DNLM</subfield>
  </datafield>
  <datafield tag="020" ind1=" " ind2=" ">
    <subfield code="a">9780520292253 (hbk)</subfield>
  </datafield>
  <datafield tag="020" ind1=" " ind2=" ">
    <subfield code="a">0520292251 (hbk)</subfield>
  </datafield>
  <datafield tag="035" ind1=" " ind2=" ">
    <subfield code="a">(OCoLC)ocn945719005</subfield>
  </datafield>
  <datafield tag="040" ind1=" " ind2=" ">
    <subfield code="a">NLM</subfield>
    <subfield code="b">eng</subfield>
    <subfield code="c">NLM</subfield>
    <subfield code="e">rda</subfield>
    <subfield code="d">YDXCP</subfield>
    <subfield code="d">BTCTA</subfield>
    <subfield code="d">BDX</subfield>
    <subfield code="d">ORC</subfield>
    <subfield code="d">OCLCF</subfield>
    <subfield code="d">YDX</subfield>
    <subfield code="d">UPM</subfield>
    <subfield code="d">OCLCO</subfield>
    <subfield code="d">OCLCQ</subfield>
    <subfield code="d">OCLCO</subfield>
    <subfield code="d">DLC</subfield>
  </datafield>
  <datafield tag="041" ind1="1" ind2=" ">
    <subfield code="a">chi</subfield>
    <subfield code="a">eng</subfield>
    <subfield code="h">chi</subfield>
  </datafield>
  <datafield tag="050" ind1="0" ind2="0">
    <subfield code="a">R127.1.L563</subfield>
    <subfield code="b">H82 2016</subfield>
  </datafield>
  <datafield tag="060" ind1="0" ind2="0">
    <subfield code="a">WZ 294</subfield>
    <subfield code="b">L755 2016a</subfield>
  </datafield>
  <datafield tag="082" ind1="0" ind2="0">
    <subfield code="a">615.8/92</subfield>
    <subfield code="2">23</subfield>
  </datafield>
  <datafield tag="245" ind1="0" ind2="0">
    <subfield code="a">Huang di nei jing ling shu :</subfield>
    <subfield code="b">the ancient classic on needle therapy : the complete Chinese text with an annotated English translation /</subfield>
    <subfield code="c">Paul U. Unschuld.</subfield>
  </datafield>
  <datafield tag="264" ind1=" " ind2="1">
    <subfield code="a">Oakland, California :</subfield>
    <subfield code="b">University of California Press,</subfield>
    <subfield code="c">[2016]</subfield>
  </datafield>
  <datafield tag="300" ind1=" " ind2=" ">
    <subfield code="a">x, 786 pages ;</subfield>
    <subfield code="c">24 cm</subfield>
  </datafield>
  <datafield tag="336" ind1=" " ind2=" ">
    <subfield code="a">text</subfield>
    <subfield code="b">txt</subfield>
    <subfield code="2">rdacontent</subfield>
  </datafield>
  <datafield tag="337" ind1=" " ind2=" ">
    <subfield code="a">unmediated</subfield>
    <subfield code="b">n</subfield>
    <subfield code="2">rdamedia</subfield>
  </datafield>
  <datafield tag="338" ind1=" " ind2=" ">
    <subfield code="a">volume</subfield>
    <subfield code="b">nc</subfield>
    <subfield code="2">rdacarrier</subfield>
  </datafield>
  <datafield tag="504" ind1=" " ind2=" ">
    <subfield code="a">Includes bibliographical references.</subfield>
  </datafield>
  <datafield tag="546" ind1=" " ind2=" ">
    <subfield code="a">Includes original Chinese text with English translation and annotations from selected Chinese commentaries.</subfield>
  </datafield>
  <datafield tag="630" ind1="0" ind2="0">
    <subfield code="a">Ling shu jing.</subfield>
  </datafield>
  <datafield tag="650" ind1=" " ind2="0">
    <subfield code="a">Medicine, Chinese</subfield>
    <subfield code="v">Early works to 1800.</subfield>
  </datafield>
  <datafield tag="650" ind1=" " ind2="0">
    <subfield code="a">Acupuncture.</subfield>
  </datafield>
  <datafield tag="650" ind1=" " ind2="0">
    <subfield code="a">Acupuncture points</subfield>
    <subfield code="x">Diagnostic use.</subfield>
  </datafield>
  <datafield tag="630" ind1="0" ind2="2">
    <subfield code="a">Ling shu jing.</subfield>
  </datafield>
  <datafield tag="650" ind1="1" ind2="2">
    <subfield code="a">Acupuncture Therapy.</subfield>
  </datafield>
  <datafield tag="650" ind1="2" ind2="2">
    <subfield code="a">Medicine, Chinese Traditional.</subfield>
  </datafield>
  <datafield tag="630" ind1="0" ind2="7">
    <subfield code="a">Ling shu jing.</subfield>
    <subfield code="2">fast</subfield>
    <subfield code="0">(OCoLC)fst01361784</subfield>
  </datafield>
  <datafield tag="650" ind1=" " ind2="7">
    <subfield code="a">Medicine, Chinese.</subfield>
    <subfield code="2">fast</subfield>
    <subfield code="0">(OCoLC)fst01015214</subfield>
  </datafield>
  <datafield tag="655" ind1=" " ind2="7">
    <subfield code="a">Early works.</subfield>
    <subfield code="2">fast</subfield>
    <subfield code="0">(OCoLC)fst01411636</subfield>
  </datafield>
  <datafield tag="700" ind1="1" ind2=" ">
    <subfield code="a">Unschuld, Paul U.</subfield>
    <subfield code="q">(Paul Ulrich),</subfield>
    <subfield code="d">1943-</subfield>
    <subfield code="e">translator,</subfield>
    <subfield code="e">editor.</subfield>
  </datafield>
  <datafield tag="730" ind1="0" ind2="2">
    <subfield code="a">Ling shu jing.</subfield>
    <subfield code="i">Container of (expression):</subfield>
  </datafield>
  <datafield tag="730" ind1="0" ind2="2">
    <subfield code="a">Ling shu jing.</subfield>
    <subfield code="l">English.</subfield>
    <subfield code="i">Container of (expression):</subfield>
  </datafield>
</record>