
<record>
  <leader>04324cam a22003497i 4500</leader>
  <controlfield tag="001">19077507</controlfield>
  <controlfield tag="005">20200103150628.0</controlfield>
  <controlfield tag="008">160429t20162016enka     b    001 0 eng c</controlfield>
  <datafield tag="906" ind1=" " ind2=" ">
    <subfield code="a">7</subfield>
    <subfield code="b">cbc</subfield>
    <subfield code="c">pccadap</subfield>
    <subfield code="d">2</subfield>
    <subfield code="e">epcn</subfield>
    <subfield code="f">20</subfield>
    <subfield code="g">y-gencatlg</subfield>
  </datafield>
  <datafield tag="925" ind1="0" ind2=" ">
    <subfield code="a">acquire</subfield>
    <subfield code="b">1 shelf copy</subfield>
    <subfield code="x">policy default</subfield>
  </datafield>
  <datafield tag="955" ind1=" " ind2=" ">
    <subfield code="b">rk07 2017-03-07 z-processor</subfield>
    <subfield code="i">rk07 2017-03-16 to dewey</subfield>
    <subfield code="w">xm07 2017-07-31</subfield>
  </datafield>
  <datafield tag="010" ind1=" " ind2=" ">
    <subfield code="a">  2016940202</subfield>
  </datafield>
  <datafield tag="020" ind1=" " ind2=" ">
    <subfield code="a">9780199684939</subfield>
    <subfield code="q">(hardcover)</subfield>
  </datafield>
  <datafield tag="020" ind1=" " ind2=" ">
    <subfield code="a">0199684936</subfield>
    <subfield code="q">(hardcover)</subfield>
  </datafield>
  <datafield tag="035" ind1=" " ind2=" ">
    <subfield code="a">(OCoLC)ocn952181623</subfield>
  </datafield>
  <datafield tag="040" ind1=" " ind2=" ">
    <subfield code="a">ERASA</subfield>
    <subfield code="b">eng</subfield>
    <subfield code="c">ERASA</subfield>
    <subfield code="e">rda</subfield>
    <subfield code="d">BTCTA</subfield>
    <subfield code="d">BDX</subfield>
    <subfield code="d">YDXCP</subfield>
    <subfield code="d">NLE</subfield>
    <subfield code="d">OCLCO</subfield>
    <subfield code="d">NYP</subfield>
    <subfield code="d">GZN</subfield>
    <subfield code="d">INU</subfield>
    <subfield code="d">CLU</subfield>
    <subfield code="d">GZM</subfield>
    <subfield code="d">ZCU</subfield>
    <subfield code="d">YDX</subfield>
    <subfield code="d">ZLM</subfield>
    <subfield code="d">EYM</subfield>
    <subfield code="d">STF</subfield>
    <subfield code="d">DLC</subfield>
  </datafield>
  <datafield tag="050" ind1="0" ind2="0">
    <subfield code="a">B105.M4</subfield>
    <subfield code="b">M45 2016</subfield>
  </datafield>
  <datafield tag="082" ind1="0" ind2="0">
    <subfield code="a">121/.68</subfield>
    <subfield code="2">23</subfield>
  </datafield>
  <datafield tag="245" ind1="0" ind2="0">
    <subfield code="a">Meanings and other things :</subfield>
    <subfield code="b">themes from the work of Stephen Schiffer /</subfield>
    <subfield code="c">edited by Gary Ostertag.</subfield>
  </datafield>
  <datafield tag="250" ind1=" " ind2=" ">
    <subfield code="a">First edition.</subfield>
  </datafield>
  <datafield tag="264" ind1=" " ind2="1">
    <subfield code="a">Oxford, United Kingdom ;</subfield>
    <subfield code="a">New York, NY:</subfield>
    <subfield code="b">Oxford University Press,</subfield>
    <subfield code="c">2016.</subfield>
  </datafield>
  <datafield tag="264" ind1=" " ind2="4">
    <subfield code="c">©2016</subfield>
  </datafield>
  <datafield tag="300" ind1=" " ind2=" ">
    <subfield code="a">x, 537 pages :</subfield>
    <subfield code="b">illustrations ;</subfield>
    <subfield code="c">24 cm</subfield>
  </datafield>
  <datafield tag="336" ind1=" " ind2=" ">
    <subfield code="a">text</subfield>
    <subfield code="b">txt</subfield>
    <subfield code="2">rdacontent</subfield>
  </datafield>
  <datafield tag="337" ind1=" " ind2=" ">
    <subfield code="a">unmediated</subfield>
    <subfield code="b">n</subfield>
    <subfield code="2">rdamedia</subfield>
  </datafield>
  <datafield tag="338" ind1=" " ind2=" ">
    <subfield code="a">volume</subfield>
    <subfield code="b">nc</subfield>
    <subfield code="2">rdacarrier</subfield>
  </datafield>
  <datafield tag="504" ind1=" " ind2=" ">
    <subfield code="a">Includes bibliographical references and index.</subfield>
  </datafield>
  <datafield tag="520" ind1="8" ind2=" ">
    <subfield code="a">&quot;Stephen Schiffer&apos;s writing has been central to analytic philosophy of language and mind since the 1970s. In 1972 his book &apos;Meaning&apos; launched an important research program into Gricean, or intention-based, approaches to linguistic meaning, which would come to dominate much subsequent theorizing about language. A sea change occurred in 1987 with the publication of &apos;Remnants of Meaning&apos;. Schiffer here repudiated the project initiated by &apos;Meaning&apos;, arguing that the theory of public-language meaning it described and the account of mental representation it required were based on false presuppositions. The ramifications here were far reaching and set the agenda for discussions in the philosophy of language and mind for a generation. In 2003, &apos;The Things We Mean&apos; initiated a more positive program, but one informed by the negative results of &apos;Remnants&apos;. &apos;Things&apos; also reflected the broadening of Schiffer&apos;s concerns, which now extended to metaphysics, metaethics, and the skeptical paradoxes. In &apos;Meanings and Other Things,&apos; fourteen leading philosophers explore central themes in Schiffer&apos;s writings. Topics range from the nature of paradox and the problem of vagueness to the ontology of propositions and the semantics of belief reports. The volume also contains a comprehensive introduction describing the evolution of Schiffer&apos;s thought and closes with Schiffer&apos;s replies to his critics. These essays bring us up to date on Schiffer&apos;s current thinking on the themes that have defined not only his career, but philosophy of language as it is now practised.&quot;--</subfield>
    <subfield code="c">Provided by publisher.</subfield>
  </datafield>
  <datafield tag="505" ind1="0" ind2=" ">
    <subfield code="a">1. Easy Ontology and its Consequences / Amie Thomasson -- 2. From Remnants to Things, and Back Again / Thomas Hofweber -- 3. Objects of Thought / Ian Rumfitt -- 4. Schiffer&apos;s Unhappy-Face Solution / Michael Smith -- 5. Propositional Platitudes / Gary Ostertag -- 6. Schiffer&apos;s Puzzle: A Kind of Fregean Response / Ray Buchanan -- 7. Constraint with Restraint / Nathan Salmon -- 8. Schiffer on Indeterminacy, Vagueness, and Conditionals / Dorothy Edgington -- 9. Vagueness, Partial Belief, and Logic / Hartry Field -- 10. On the Characterization of Borderline Cases / Crispin Wright -- 11. The Nature of Paradox / Paul Horwich -- 12. Silent Reference / Stephen Neale -- 13. Abiding Intentions / Anita Avramides -- 14. Schiffer on Russell&apos;s Theory and Referential Uses / Kent Bach -- 15. Pleonastic Entities: Responses to Amie Thomasson, Thomas Hofweber, Ian Rumfitt, and Michael Smith / Stephen Schiffer -- 16. De Re Belief Reports: Response to Gary Ostertag / Stephen Schiffer -- 17. The Relativity Feature: Response to Ray Buchanan / Stephen Schiffer -- 18. De Re Subtleties: Response to Nathan Salmon / Stephen Schiffer -- 19. Vagueness and Indeterminacy: Responses to Dorothy Edgington, Hartry Field and Crispin Wright / Stephen Schiffer -- 20. A Source of Paradox: Response to Paul Horwich / Stephen Schiffer -- 21. Gricean Semantics and Reference: Responses to Anita Avramides, Stephen Neale, and Kent Bach / Stephen Schiffer.</subfield>
  </datafield>
  <datafield tag="600" ind1="1" ind2="0">
    <subfield code="a">Schiffer, Stephen R.</subfield>
  </datafield>
  <datafield tag="650" ind1=" " ind2="0">
    <subfield code="a">Meaning (Philosophy)</subfield>
  </datafield>
  <datafield tag="700" ind1="1" ind2=" ">
    <subfield code="a">Ostertag, Gary,</subfield>
    <subfield code="e">editor.</subfield>
  </datafield>
</record>