
<record>
  <leader>02186cam a22003017i 4500</leader>
  <controlfield tag="001">19085533</controlfield>
  <controlfield tag="005">20200103150635.0</controlfield>
  <controlfield tag="008">160503s2016    be            001 0 dut  </controlfield>
  <datafield tag="906" ind1=" " ind2=" ">
    <subfield code="a">7</subfield>
    <subfield code="b">cbc</subfield>
    <subfield code="c">origres</subfield>
    <subfield code="d">3</subfield>
    <subfield code="e">ncip</subfield>
    <subfield code="f">20</subfield>
    <subfield code="g">y-gencatlg</subfield>
  </datafield>
  <datafield tag="925" ind1="0" ind2=" ">
    <subfield code="a">acquire</subfield>
    <subfield code="b">1 shelf copy</subfield>
    <subfield code="x">policy default</subfield>
  </datafield>
  <datafield tag="955" ind1=" " ind2=" ">
    <subfield code="b">bd25 2016-07-29</subfield>
    <subfield code="b">bc12 2018-03-30 z-processor (telework)</subfield>
    <subfield code="i">bc12 2018-04-30 (telework)</subfield>
    <subfield code="e">bc12 2018-05-11 to BCCD (ABAchecked &amp; Labeled)</subfield>
    <subfield code="a">bc12 2019-01-15 (NAP correction)</subfield>
  </datafield>
  <datafield tag="010" ind1=" " ind2=" ">
    <subfield code="a">  2016450207</subfield>
  </datafield>
  <datafield tag="020" ind1=" " ind2=" ">
    <subfield code="a">9789463100205</subfield>
  </datafield>
  <datafield tag="020" ind1=" " ind2=" ">
    <subfield code="a">9463100202</subfield>
  </datafield>
  <datafield tag="040" ind1=" " ind2=" ">
    <subfield code="a">DLC</subfield>
    <subfield code="b">eng</subfield>
    <subfield code="e">rda</subfield>
    <subfield code="c">DLC</subfield>
  </datafield>
  <datafield tag="050" ind1="0" ind2="0">
    <subfield code="a">CB19</subfield>
    <subfield code="b">.V2595 2016</subfield>
  </datafield>
  <datafield tag="100" ind1="1" ind2=" ">
    <subfield code="a">Vanheeswijck, Guido M. M.,</subfield>
    <subfield code="d">1955-</subfield>
    <subfield code="e">author.</subfield>
  </datafield>
  <datafield tag="245" ind1="1" ind2="3">
    <subfield code="a">De draad van Penelope :</subfield>
    <subfield code="b">Europa tussen ironie en waarheid /</subfield>
    <subfield code="c">Guido Vanheeswijck.</subfield>
  </datafield>
  <datafield tag="264" ind1=" " ind2="1">
    <subfield code="a">Antwerpen :</subfield>
    <subfield code="b">Uitgeverij Polis,</subfield>
    <subfield code="c">[2016]</subfield>
  </datafield>
  <datafield tag="300" ind1=" " ind2=" ">
    <subfield code="a">351 pages ;</subfield>
    <subfield code="c">23 cm</subfield>
  </datafield>
  <datafield tag="336" ind1=" " ind2=" ">
    <subfield code="a">text</subfield>
    <subfield code="b">txt</subfield>
    <subfield code="2">rdacontent</subfield>
  </datafield>
  <datafield tag="337" ind1=" " ind2=" ">
    <subfield code="a">unmediated</subfield>
    <subfield code="b">n</subfield>
    <subfield code="2">rdamedia</subfield>
  </datafield>
  <datafield tag="338" ind1=" " ind2=" ">
    <subfield code="a">volume</subfield>
    <subfield code="b">nc</subfield>
    <subfield code="2">rdacarrier</subfield>
  </datafield>
  <datafield tag="504" ind1=" " ind2=" ">
    <subfield code="a">Includes bibliographical references and index.</subfield>
  </datafield>
  <datafield tag="520" ind1="8" ind2=" ">
    <subfield code="a">Na de aanslag op de redactiekantoren van Charlie Hebdo in januari 2015 riepen de kranten: &apos;En toch moeten we blijven lachen in Europa.&apos; Daarmee plaatsten ze zich in een lange Europese traditie. Reeds bij de Grieken diende de clochard-filosoof Diogenes Plato lachend van antwoord. In de renaissance zochten Erasmus, More, Macchiavelli en Montaigne hun weg tussen waarheid en spot. De zekerheden van het moderne Europa werden in de negentiende eeuw door Nietzsche op een lach onthaald. We worstelen vaak met onze hang naar ironie. Want nemen we nog wel iets serieus? Guido Vanheeswijck toont dat denkers in de lijn van Socrates altijd weer de lach als middel hebben gehanteerd om ons, Europeanen, wakker te schudden en onze zekerheden onderuit te halen. De lach kent talloze schakeringen die Vanheeswijck nauwgezet beschrijft: superieur, grimmig, sluw, cynisch, kwetsend, tragisch, flauw, open, begrijpend, innemend, inlevend, respectvol. Zo groeit &apos;De draad van Penelope&apos; uit tot een fascinerende tocht door de Europese ideeëngeschiedenis.</subfield>
  </datafield>
  <datafield tag="650" ind1=" " ind2="0">
    <subfield code="a">Civilization, Modern</subfield>
    <subfield code="y">20th century.</subfield>
  </datafield>
  <datafield tag="923" ind1=" " ind2=" ">
    <subfield code="d">20160429</subfield>
    <subfield code="n">60013373</subfield>
    <subfield code="s">V00009436</subfield>
  </datafield>
  <datafield tag="985" ind1=" " ind2=" ">
    <subfield code="e">VENDOR LOAD</subfield>
  </datafield>
</record>