
<record>
  <leader>02900cam a22004217i 4500</leader>
  <controlfield tag="001">19090678</controlfield>
  <controlfield tag="005">20200103150637.0</controlfield>
  <controlfield tag="008">160511t20162016utu      b    000 0 eng c</controlfield>
  <datafield tag="906" ind1=" " ind2=" ">
    <subfield code="a">7</subfield>
    <subfield code="b">cbc</subfield>
    <subfield code="c">pccadap</subfield>
    <subfield code="d">2</subfield>
    <subfield code="e">epcn</subfield>
    <subfield code="f">20</subfield>
    <subfield code="g">y-gencatlg</subfield>
  </datafield>
  <datafield tag="925" ind1="0" ind2=" ">
    <subfield code="a">acquire</subfield>
    <subfield code="b">1 shelf copy</subfield>
    <subfield code="x">policy default</subfield>
  </datafield>
  <datafield tag="955" ind1=" " ind2=" ">
    <subfield code="b">rk07 2017-05-23 z-processor</subfield>
    <subfield code="i">rk07 2017-05-25 to dewey</subfield>
  </datafield>
  <datafield tag="010" ind1=" " ind2=" ">
    <subfield code="a">  2016941419</subfield>
  </datafield>
  <datafield tag="020" ind1=" " ind2=" ">
    <subfield code="a">1589585011</subfield>
  </datafield>
  <datafield tag="020" ind1=" " ind2=" ">
    <subfield code="a">9781589585010</subfield>
  </datafield>
  <datafield tag="035" ind1=" " ind2=" ">
    <subfield code="a">(OCoLC)ocn952971788</subfield>
  </datafield>
  <datafield tag="040" ind1=" " ind2=" ">
    <subfield code="a">YDXCP</subfield>
    <subfield code="b">eng</subfield>
    <subfield code="c">YDXCP</subfield>
    <subfield code="e">rda</subfield>
    <subfield code="d">BTCTA</subfield>
    <subfield code="d">UAB</subfield>
    <subfield code="d">UBY</subfield>
    <subfield code="d">OCLCF</subfield>
    <subfield code="d">OCL</subfield>
    <subfield code="d">DLC</subfield>
  </datafield>
  <datafield tag="050" ind1="0" ind2="0">
    <subfield code="a">BX8622</subfield>
    <subfield code="b">.A82 2016</subfield>
  </datafield>
  <datafield tag="245" ind1="0" ind2="0">
    <subfield code="a">As iron sharpens iron :</subfield>
    <subfield code="b">listening to the various voices of scripture /</subfield>
    <subfield code="c">edited by Julie M. Smith.</subfield>
  </datafield>
  <datafield tag="264" ind1=" " ind2="1">
    <subfield code="a">Salt Lake City :</subfield>
    <subfield code="b">Greg Kofford Books,</subfield>
    <subfield code="c">2016.</subfield>
  </datafield>
  <datafield tag="264" ind1=" " ind2="4">
    <subfield code="c">©2016</subfield>
  </datafield>
  <datafield tag="300" ind1=" " ind2=" ">
    <subfield code="a">vi, 182 pages ;</subfield>
    <subfield code="c">23 cm</subfield>
  </datafield>
  <datafield tag="336" ind1=" " ind2=" ">
    <subfield code="a">text</subfield>
    <subfield code="b">txt</subfield>
    <subfield code="2">rdacontent</subfield>
  </datafield>
  <datafield tag="337" ind1=" " ind2=" ">
    <subfield code="a">unmediated</subfield>
    <subfield code="b">n</subfield>
    <subfield code="2">rdamedia</subfield>
  </datafield>
  <datafield tag="338" ind1=" " ind2=" ">
    <subfield code="a">volume</subfield>
    <subfield code="b">nc</subfield>
    <subfield code="2">rdacarrier</subfield>
  </datafield>
  <datafield tag="520" ind1=" " ind2=" ">
    <subfield code="a">In this unique volume, fictionalized dialogues between various voices of scripture are presented to show that their differences and disagreements are not flaws of the texts but are rather essential features of the canon. --Adapted from back cover.</subfield>
  </datafield>
  <datafield tag="504" ind1=" " ind2=" ">
    <subfield code="a">Includes bibliographical references.</subfield>
  </datafield>
  <datafield tag="505" ind1="0" ind2=" ">
    <subfield code="a">Introduction / Julie M. Smith -- Abraham and Job : suffering / Michael Austin -- Jacob and Joseph Smith : polygamy / Mark T. Decker -- John the Evangelist and John the Revelator : the divinity of Jesus / Nicholas J. Frederick -- Joseph and Nephi : rivalry and reconciliation / Heather Hardy -- Job and John : the Satans / Ronan James Head -- Abraham and Abinidi : the worth of souls / James D. Holt -- Tamar and David : personal morality / Jason A. Kerr -- Moses and Paul : the law / Jared Ludlow -- Abraham and Thomas : doubt / Steven L. Peck -- Mark and Luke : women&apos;s roles / Julie M. Smith -- Amulek and Alma : atonement / Joseph M. Spencer -- Balaam and Daniel : prophecy / Walter E. A. van Beek -- Solomon and Josiah : writing history / Walter E. A. van Beek -- Jeremiah and Jonah : doom and deliverance / Walter E. A. van Beek -- Hannah and Sariah : complaint / Miranda Wilcox -- Mormon and Israel : wealth / Walker Wright -- Master and disciple : communication / Benjamin Peters and John Durham Peters.</subfield>
  </datafield>
  <datafield tag="650" ind1=" " ind2="0">
    <subfield code="a">Mormon Church</subfield>
    <subfield code="x">Sacred books.</subfield>
  </datafield>
  <datafield tag="610" ind1="2" ind2="0">
    <subfield code="a">Church of Jesus Christ of Latter-day Saints</subfield>
    <subfield code="x">Sacred books.</subfield>
  </datafield>
  <datafield tag="630" ind1="0" ind2="0">
    <subfield code="a">Bible</subfield>
    <subfield code="x">Criticism, interpretation, etc.</subfield>
  </datafield>
  <datafield tag="630" ind1="0" ind2="0">
    <subfield code="a">Book of Mormon</subfield>
    <subfield code="x">Criticism, interpretation, etc.</subfield>
  </datafield>
  <datafield tag="610" ind1="2" ind2="7">
    <subfield code="a">Church of Jesus Christ of Latter-day Saints.</subfield>
    <subfield code="2">fast</subfield>
    <subfield code="0">(OCoLC)fst00549691</subfield>
  </datafield>
  <datafield tag="630" ind1="0" ind2="7">
    <subfield code="a">Bible.</subfield>
    <subfield code="2">fast</subfield>
    <subfield code="0">(OCoLC)fst01356024</subfield>
  </datafield>
  <datafield tag="630" ind1="0" ind2="7">
    <subfield code="a">Book of Mormon.</subfield>
    <subfield code="2">fast</subfield>
    <subfield code="0">(OCoLC)fst01356050</subfield>
  </datafield>
  <datafield tag="650" ind1=" " ind2="7">
    <subfield code="a">Mormon Church.</subfield>
    <subfield code="2">fast</subfield>
    <subfield code="0">(OCoLC)fst01026221</subfield>
  </datafield>
  <datafield tag="655" ind1=" " ind2="7">
    <subfield code="a">Criticism, interpretation, etc.</subfield>
    <subfield code="2">fast</subfield>
    <subfield code="0">(OCoLC)fst01411635</subfield>
  </datafield>
  <datafield tag="655" ind1=" " ind2="7">
    <subfield code="a">Sacred books.</subfield>
    <subfield code="2">fast</subfield>
    <subfield code="0">(OCoLC)fst01423905</subfield>
  </datafield>
  <datafield tag="700" ind1="1" ind2=" ">
    <subfield code="a">Smith, Julie M.,</subfield>
    <subfield code="e">editor.</subfield>
  </datafield>
</record>