
<record>
  <leader>01719cam a22003257i 4500</leader>
  <controlfield tag="001">19091425</controlfield>
  <controlfield tag="005">20200103121113.0</controlfield>
  <controlfield tag="008">160512e201510  is       b    001 0 heb  </controlfield>
  <datafield tag="906" ind1=" " ind2=" ">
    <subfield code="a">7</subfield>
    <subfield code="b">cbc</subfield>
    <subfield code="c">origres</subfield>
    <subfield code="d">3</subfield>
    <subfield code="e">ncip</subfield>
    <subfield code="f">20</subfield>
    <subfield code="g">y-nonroman</subfield>
  </datafield>
  <datafield tag="925" ind1="0" ind2=" ">
    <subfield code="a">acquire</subfield>
    <subfield code="b">1 shelf copy</subfield>
    <subfield code="x">policy default</subfield>
  </datafield>
  <datafield tag="955" ind1=" " ind2=" ">
    <subfield code="b">cd20 2016-05-12 z-processor JACKPHY</subfield>
    <subfield code="a">cd00 2016-05-16 to ASME/IJ</subfield>
    <subfield code="i">cd04 2019-03-15 telework</subfield>
    <subfield code="e">cd04 2019-03-18 to BCCD</subfield>
  </datafield>
  <datafield tag="010" ind1=" " ind2=" ">
    <subfield code="a">  2016403317</subfield>
  </datafield>
  <datafield tag="040" ind1=" " ind2=" ">
    <subfield code="a">DLC</subfield>
    <subfield code="b">eng</subfield>
    <subfield code="e">rda</subfield>
    <subfield code="c">DLC</subfield>
  </datafield>
  <datafield tag="050" ind1="0" ind2="0">
    <subfield code="a">BM755.K2834</subfield>
    <subfield code="b">M34 2015</subfield>
  </datafield>
  <datafield tag="066" ind1=" " ind2=" ">
    <subfield code="c">(2</subfield>
  </datafield>
  <datafield tag="245" ind1="0" ind2="0">
    <subfield code="6">880-01</subfield>
    <subfield code="a">Mafteaḥ nośʼim le-khitve ha-Admor mi-Piʼasetsnah, zatsal ha-y.d. :</subfield>
    <subfield code="b">Rabi Ḳalonimus Ḳalmish ben Rabi Elimelekh Shapira mi-Grodz&apos;isḳ /</subfield>
    <subfield code="c">ʻarakh Mosheh ben Yehoshuʻa Perets.</subfield>
  </datafield>
  <datafield tag="880" ind1="0" ind2="0">
    <subfield code="6">245-01/(2/r‏</subfield>
    <subfield code="a">‏מפתח נושאים לכתבי האדמו״ר מפיאסצנה, זצ&quot;ל הי&quot;ד :‏</subfield>
    <subfield code="b">‏רבי קלונימוס קלמיש בן רבי אלימלך שפירא מגרודז&apos;יסק /‏</subfield>
    <subfield code="c">‏ערך  משה בן יהושע פרץ.</subfield>
  </datafield>
  <datafield tag="250" ind1=" " ind2=" ">
    <subfield code="6">880-02</subfield>
    <subfield code="a">Mahadurah rishonah, Ḥeshvan 776.</subfield>
  </datafield>
  <datafield tag="880" ind1=" " ind2=" ">
    <subfield code="6">250-02/(2/r‏</subfield>
    <subfield code="a">‏מהדורה ראשונה, חשון תשע&apos;&apos;ו.</subfield>
  </datafield>
  <datafield tag="264" ind1=" " ind2="1">
    <subfield code="6">880-03</subfield>
    <subfield code="a">Bet El :</subfield>
    <subfield code="b">Mosheh Perets,</subfield>
    <subfield code="c">Heshṿan 776 [2015]</subfield>
  </datafield>
  <datafield tag="880" ind1=" " ind2=" ">
    <subfield code="6">264-03/(2/r‏</subfield>
    <subfield code="a">‏בית אל :‏</subfield>
    <subfield code="b">‏משה פרץ,‏</subfield>
    <subfield code="c">‏‪חשון תשע״ו [2015]‬</subfield>
  </datafield>
  <datafield tag="300" ind1=" " ind2=" ">
    <subfield code="a">215 pages ;</subfield>
    <subfield code="c">22 cm</subfield>
  </datafield>
  <datafield tag="336" ind1=" " ind2=" ">
    <subfield code="a">text</subfield>
    <subfield code="b">txt</subfield>
    <subfield code="2">rdacontent</subfield>
  </datafield>
  <datafield tag="337" ind1=" " ind2=" ">
    <subfield code="a">unmediated</subfield>
    <subfield code="b">n</subfield>
    <subfield code="2">rdamedia</subfield>
  </datafield>
  <datafield tag="338" ind1=" " ind2=" ">
    <subfield code="a">volume</subfield>
    <subfield code="b">nc</subfield>
    <subfield code="2">rdacarrier</subfield>
  </datafield>
  <datafield tag="504" ind1=" " ind2=" ">
    <subfield code="a">Includes bibliographical references.</subfield>
  </datafield>
  <datafield tag="600" ind1="0" ind2="0">
    <subfield code="a">Ḳalonimus Ḳalmish ben Elimelekh,</subfield>
    <subfield code="d">1889-1943</subfield>
    <subfield code="v">Indexes.</subfield>
  </datafield>
  <datafield tag="700" ind1="1" ind2=" ">
    <subfield code="6">880-05</subfield>
    <subfield code="a">Perets, Mosheh ben Yehoshuʻa,</subfield>
    <subfield code="e">editor.</subfield>
  </datafield>
  <datafield tag="880" ind1="1" ind2=" ">
    <subfield code="6">700-05/(2/r‏</subfield>
    <subfield code="a">‏פרץ, משה בן יהושע.</subfield>
  </datafield>
  <datafield tag="952" ind1=" " ind2=" ">
    <subfield code="a">MLC</subfield>
  </datafield>
</record>