
<record>
  <leader>04559cam a22003617i 4500</leader>
  <controlfield tag="001">19095353</controlfield>
  <controlfield tag="005">20200103150638.0</controlfield>
  <controlfield tag="008">160516s2016    pau      b    001 0 eng  </controlfield>
  <datafield tag="906" ind1=" " ind2=" ">
    <subfield code="a">7</subfield>
    <subfield code="b">cbc</subfield>
    <subfield code="c">orignew</subfield>
    <subfield code="d">1</subfield>
    <subfield code="e">ecip</subfield>
    <subfield code="f">20</subfield>
    <subfield code="g">y-gencatlg</subfield>
  </datafield>
  <datafield tag="925" ind1="0" ind2=" ">
    <subfield code="a">acquire</subfield>
    <subfield code="b">1 shelf copy</subfield>
    <subfield code="x">policy default</subfield>
  </datafield>
  <datafield tag="955" ind1=" " ind2=" ">
    <subfield code="b">rm13 2016-05-16</subfield>
    <subfield code="i">rm13 2016-05-16 (telework)</subfield>
    <subfield code="w">xb07 2016-05-18</subfield>
    <subfield code="a">xn08 2016-07-22 1 copy rec&apos;d., to CIP ver.</subfield>
    <subfield code="f">rm06 2016-08-13 to CALM</subfield>
  </datafield>
  <datafield tag="010" ind1=" " ind2=" ">
    <subfield code="a">  2016006150</subfield>
  </datafield>
  <datafield tag="020" ind1=" " ind2=" ">
    <subfield code="a">9781522503026 (hardcover)</subfield>
  </datafield>
  <datafield tag="020" ind1=" " ind2=" ">
    <subfield code="z">9781522503033 (ebook)</subfield>
  </datafield>
  <datafield tag="040" ind1=" " ind2=" ">
    <subfield code="a">DLC</subfield>
    <subfield code="b">eng</subfield>
    <subfield code="c">DLC</subfield>
    <subfield code="e">rda</subfield>
    <subfield code="d">DLC</subfield>
  </datafield>
  <datafield tag="050" ind1="0" ind2="0">
    <subfield code="a">HT166</subfield>
    <subfield code="b">.S58777 2016</subfield>
  </datafield>
  <datafield tag="082" ind1="0" ind2="0">
    <subfield code="a">307.1/216</subfield>
    <subfield code="2">23</subfield>
  </datafield>
  <datafield tag="245" ind1="0" ind2="0">
    <subfield code="a">Smart cities as a solution for reducing urban waste and pollution /</subfield>
    <subfield code="c">Goh Bee Hua, National University of Singapore, Singapore.</subfield>
  </datafield>
  <datafield tag="264" ind1=" " ind2="1">
    <subfield code="a">Hershey :</subfield>
    <subfield code="b">Information Science Reference, An Imprint of IGI Global,</subfield>
    <subfield code="c">[2016]</subfield>
  </datafield>
  <datafield tag="300" ind1=" " ind2=" ">
    <subfield code="a">xxi, 362 pages ;</subfield>
    <subfield code="c">27 cm.</subfield>
  </datafield>
  <datafield tag="336" ind1=" " ind2=" ">
    <subfield code="a">text</subfield>
    <subfield code="2">rdacontent</subfield>
  </datafield>
  <datafield tag="337" ind1=" " ind2=" ">
    <subfield code="a">unmediated</subfield>
    <subfield code="2">rdamedia</subfield>
  </datafield>
  <datafield tag="338" ind1=" " ind2=" ">
    <subfield code="a">volume</subfield>
    <subfield code="2">rdacarrier</subfield>
  </datafield>
  <datafield tag="490" ind1="0" ind2=" ">
    <subfield code="a">A volume in the Advances in Environmental Engineering and Green Technologies (AEEGT) Book Series</subfield>
  </datafield>
  <datafield tag="504" ind1=" " ind2=" ">
    <subfield code="a">Includes bibliographical references (pages 317-352) and index.</subfield>
  </datafield>
  <datafield tag="505" ind1="0" ind2=" ">
    <subfield code="a">Preface -- Acknowledgment -- Smart building components and systems -- Sustainable construction materials / Rahul V. Ralegaonkar, Visvesvaraya National Institute of Technology, India, Mangesh V. Madurwar, National Institute of Construction Management and Research, India, Vishakha V. Sakhare, Visvesvaraya National Institute of Technology, India -- Smart innovations for buildings -- Simulating passive design strategies of rural residential buildings in severe cold regions of northeast China / Meng Zhen, Harbin Institute of Technology, People&apos;s Republic of China, Cheng Sun, Harbin Institute of Technology, People&apos;s Republic of China, Bee Hua Goh, National University of Singapore, Singapore -- Smart homes and sustainable energy in Nigeria / Sola Oni, Pan Atlantic University, Nigeria -- Smart innovations for infrastructures -- Increase of transportation efficiencies and emission reduction within a city / Christian Jenne, University of Duisburg-Essen, Germany -- Towards smart urban transportation system in Harare, Zimbabwe / Elmond Bandauko, University of Zimbabwe, Zimbabwe, Tinashe Bobo, University of Zimbabwe, Zimbabwe, Gladys Mandisvika, University of Zimbabwe, Zimbabwe -- Smart innovations for cities and communities -- Accounting for noise pollution in planning of smart cities / Ahmed W. A. Hammad, The University of New South Wales, Australia, Ali Akbarnezhad, The University of New South Wales, Australia, David Rey, The University of New South Wales, Australia -- Quality of resilient cities, the issue of urban waste : waste management as part of urban metabolism / Elzbieta Dagny Rynska, Warsaw University of Technology, Poland, Anna Teresa Oniszk-Poplawska, Warsaw University of Technology, Poland, Urszula Kozminska, Warsaw University of Technology, Poland -- Utilization of SVM, LSSVM and GP for predicting the medical waste generation / Jagan J., VIT University, India, Huseyin Dalkiliç, Erzincan University, Turkey, Pijush Samui, VIT University, India -- Smart and resilient neighborhood : understanding the potential of pune city / Shekhar Vishnu Nagargoje, National Institute of Construction Management and Research, India, Gaurvav Krishna Somani, National Institute of Construction Management and Research, India, Mehul Manjibhai Sutaria, National Institute of Construction Management and Research, India, Navneet Jha, National Institute of Construction Management and Research, India -- Smart resilience : the resilience dimension of smart cities / Jing Pan, Joint Construction Management Engineering Institute, People&apos;s Republic of China, Xing Su, Southern Illinois University, USA -- Total quality management in smart city development / Yomi Babatunde, University of the Witwatersrand, South Africa -- Compilation of references -- About the contributors -- Index.</subfield>
  </datafield>
  <datafield tag="520" ind1=" " ind2=" ">
    <subfield code="a">&quot;This book examines emergent research on smart innovations within built urban environments, featuring best practices and theoretical frameworks, as well as potential issues in the implementation of smart and green technology in urban settings&quot;--</subfield>
    <subfield code="c">Provided by publisher.</subfield>
  </datafield>
  <datafield tag="650" ind1=" " ind2="0">
    <subfield code="a">City planning</subfield>
    <subfield code="x">Technological innovations.</subfield>
  </datafield>
  <datafield tag="650" ind1=" " ind2="0">
    <subfield code="a">Transportation</subfield>
    <subfield code="x">Energy conservation.</subfield>
  </datafield>
  <datafield tag="650" ind1=" " ind2="0">
    <subfield code="a">Renewable energy sources.</subfield>
  </datafield>
  <datafield tag="650" ind1=" " ind2="0">
    <subfield code="a">Greenhouse gas mitigation.</subfield>
  </datafield>
  <datafield tag="650" ind1=" " ind2="0">
    <subfield code="a">Urban ecology (Sociology)</subfield>
  </datafield>
  <datafield tag="700" ind1="1" ind2=" ">
    <subfield code="a">Hua, Goh Bee,</subfield>
    <subfield code="d">1964-</subfield>
    <subfield code="e">editor.</subfield>
  </datafield>
</record>