
<record>
  <leader>02827cam a22003737i 4500</leader>
  <controlfield tag="001">19095383</controlfield>
  <controlfield tag="005">20200103150639.0</controlfield>
  <controlfield tag="008">160516t20162016enka     b    001 0 eng c</controlfield>
  <datafield tag="906" ind1=" " ind2=" ">
    <subfield code="a">7</subfield>
    <subfield code="b">cbc</subfield>
    <subfield code="c">pccadap</subfield>
    <subfield code="d">2</subfield>
    <subfield code="e">ncip</subfield>
    <subfield code="f">20</subfield>
    <subfield code="g">y-gencatlg</subfield>
  </datafield>
  <datafield tag="925" ind1="0" ind2=" ">
    <subfield code="a">acquire</subfield>
    <subfield code="b">1 shelf copy</subfield>
    <subfield code="x">policy default</subfield>
  </datafield>
  <datafield tag="955" ind1=" " ind2=" ">
    <subfield code="b">rm08 2016-11-26 z-processor</subfield>
    <subfield code="i">rm06 2016-12-08 to Dewey</subfield>
  </datafield>
  <datafield tag="955" ind1=" " ind2=" ">
    <subfield code="a">pc17 2016-05-16</subfield>
  </datafield>
  <datafield tag="010" ind1=" " ind2=" ">
    <subfield code="a">  2016941769</subfield>
  </datafield>
  <datafield tag="020" ind1=" " ind2=" ">
    <subfield code="a">9781137591548</subfield>
  </datafield>
  <datafield tag="020" ind1=" " ind2=" ">
    <subfield code="a">1137591544</subfield>
  </datafield>
  <datafield tag="035" ind1=" " ind2=" ">
    <subfield code="a">(OCoLC)ocn944474093</subfield>
  </datafield>
  <datafield tag="040" ind1=" " ind2=" ">
    <subfield code="a">BTCTA</subfield>
    <subfield code="b">eng</subfield>
    <subfield code="c">BTCTA</subfield>
    <subfield code="e">rda</subfield>
    <subfield code="d">YDXCP</subfield>
    <subfield code="d">INU</subfield>
    <subfield code="d">OCLCO</subfield>
    <subfield code="d">NKM</subfield>
    <subfield code="d">LSD</subfield>
    <subfield code="d">OCLCF</subfield>
    <subfield code="d">DLC</subfield>
  </datafield>
  <datafield tag="050" ind1="0" ind2="0">
    <subfield code="a">HB615</subfield>
    <subfield code="b">.C743 2016</subfield>
  </datafield>
  <datafield tag="245" ind1="0" ind2="0">
    <subfield code="a">Creating technology-driven entrepreneurship :</subfield>
    <subfield code="b">foundations, processes and environments / Giuseppina Passiante, Aldo Romano, editors..</subfield>
  </datafield>
  <datafield tag="264" ind1=" " ind2="1">
    <subfield code="a">London :</subfield>
    <subfield code="b">Palgrave Macmillan,</subfield>
    <subfield code="c">[2016].</subfield>
  </datafield>
  <datafield tag="264" ind1=" " ind2="4">
    <subfield code="c">©2016</subfield>
  </datafield>
  <datafield tag="300" ind1=" " ind2=" ">
    <subfield code="a">xxiii, 308 pages :</subfield>
    <subfield code="b">illustrations ;</subfield>
    <subfield code="c">22 cm.</subfield>
  </datafield>
  <datafield tag="336" ind1=" " ind2=" ">
    <subfield code="a">text</subfield>
    <subfield code="b">txt</subfield>
    <subfield code="2">rdacontent</subfield>
  </datafield>
  <datafield tag="337" ind1=" " ind2=" ">
    <subfield code="a">unmediated</subfield>
    <subfield code="b">n</subfield>
    <subfield code="2">rdamedia</subfield>
  </datafield>
  <datafield tag="338" ind1=" " ind2=" ">
    <subfield code="a">volume</subfield>
    <subfield code="b">nc</subfield>
    <subfield code="2">rdacarrier</subfield>
  </datafield>
  <datafield tag="504" ind1=" " ind2=" ">
    <subfield code="a">Includes bibliographical references and index.</subfield>
  </datafield>
  <datafield tag="505" ind1="0" ind2=" ">
    <subfield code="a">Introduction / Giuseppina Passiante and Aldo Romano -- The technology-driven entrepreneurship in the knowledge economy / Aldo Romano, Giuseppina Passiante and Pasquale Del Vecchio -- Corporate entrepreneurship : the antecedents at individual and organizational levels in technology-based firms / Gianluca Elia, Alessandro Margherita and Claudio Petti -- Entrepreneurial learning processes for technology-driven entrepreneurship : assumptions and behavioural dynamics for an integrative framework / Karim Moustaghfir and Giustina Secundo -- Rethinking the university system : a strategic roadmap towards the entrepreneurial university model / Giustina Secundo and Karim Moustaghfir -- A process-based model for inspiring technology-driven entrepreneurship : an education perspective / Valentina Ndou, Giustina Secundo and Gioconda Mele -- A collective intelligence platform for developing technology entrepreneurship ecosystems / Gianluca Elia and Alessandro Margherita -- Entrepreneurial learning in a network : the role of cultural values / Federica Ceci. Francesca Masciarelli and Andrea Prencipe -- Technology-driven entrepreneurship in emerging regions / Claudio Petti -- Technology-driven entrepreneurship within the framework of regional development policies / Pasquale Del Vecchio and Marco De Maggio.</subfield>
  </datafield>
  <datafield tag="650" ind1=" " ind2="0">
    <subfield code="a">Entrepreneurship.</subfield>
  </datafield>
  <datafield tag="650" ind1=" " ind2="0">
    <subfield code="a">Technological innovations</subfield>
    <subfield code="x">Economic aspects.</subfield>
  </datafield>
  <datafield tag="650" ind1=" " ind2="7">
    <subfield code="a">Entrepreneurship.</subfield>
    <subfield code="2">fast</subfield>
    <subfield code="0">(OCoLC)fst00912787</subfield>
  </datafield>
  <datafield tag="650" ind1=" " ind2="7">
    <subfield code="a">Technological innovations</subfield>
    <subfield code="x">Economic aspects.</subfield>
    <subfield code="2">fast</subfield>
    <subfield code="0">(OCoLC)fst01145010</subfield>
  </datafield>
  <datafield tag="700" ind1="1" ind2=" ">
    <subfield code="a">Passiante, Giuseppina,</subfield>
    <subfield code="e">editor.</subfield>
  </datafield>
  <datafield tag="700" ind1="1" ind2=" ">
    <subfield code="a">Romano, Aldo,</subfield>
    <subfield code="e">editor.</subfield>
  </datafield>
  <datafield tag="963" ind1=" " ind2=" ">
    <subfield code="a">Ananthi durairaj; phone: (413) 2297600-33510; email: D.Ananthi@spi-global.com; bc: reinhold.joest@springer.com</subfield>
  </datafield>
</record>