
<record>
  <leader>02860cam a22003857i 4500</leader>
  <controlfield tag="001">19098770</controlfield>
  <controlfield tag="005">20200103150640.0</controlfield>
  <controlfield tag="008">160518t20162016miua     b    001 0 eng c</controlfield>
  <datafield tag="906" ind1=" " ind2=" ">
    <subfield code="a">7</subfield>
    <subfield code="b">cbc</subfield>
    <subfield code="c">pccadap</subfield>
    <subfield code="d">2</subfield>
    <subfield code="e">epcn</subfield>
    <subfield code="f">20</subfield>
    <subfield code="g">y-gencatlg</subfield>
  </datafield>
  <datafield tag="925" ind1="0" ind2=" ">
    <subfield code="a">acquire</subfield>
    <subfield code="b">1 shelf copy</subfield>
    <subfield code="x">policy default</subfield>
  </datafield>
  <datafield tag="955" ind1=" " ind2=" ">
    <subfield code="a">pc24 2016-05-18</subfield>
    <subfield code="a">xn08 2017-01-25 1 copy rec&apos;d., to USPRLL</subfield>
    <subfield code="b">xk02 2017-02-02 z-processor</subfield>
    <subfield code="i">xk02 2017-02-13 to BCCD (telework)</subfield>
    <subfield code="a">xk02 2017-03-02</subfield>
  </datafield>
  <datafield tag="010" ind1=" " ind2=" ">
    <subfield code="a">  2016941943</subfield>
  </datafield>
  <datafield tag="020" ind1=" " ind2=" ">
    <subfield code="a">9780814340769 (paperback)</subfield>
  </datafield>
  <datafield tag="020" ind1=" " ind2=" ">
    <subfield code="a">0814340768 (paperback)</subfield>
  </datafield>
  <datafield tag="020" ind1=" " ind2=" ">
    <subfield code="z">9780814340776 (ebook)</subfield>
  </datafield>
  <datafield tag="020" ind1=" " ind2=" ">
    <subfield code="z">0814340776 (ebook)</subfield>
  </datafield>
  <datafield tag="035" ind1=" " ind2=" ">
    <subfield code="a">(OCoLC)ocn935989265</subfield>
  </datafield>
  <datafield tag="040" ind1=" " ind2=" ">
    <subfield code="a">YDXCP</subfield>
    <subfield code="b">eng</subfield>
    <subfield code="c">YDXCP</subfield>
    <subfield code="e">rda</subfield>
    <subfield code="d">BTCTA</subfield>
    <subfield code="d">BDX</subfield>
    <subfield code="d">OCLCQ</subfield>
    <subfield code="d">INU</subfield>
    <subfield code="d">YDX</subfield>
    <subfield code="d">OCLCF</subfield>
    <subfield code="d">CSAIL</subfield>
    <subfield code="d">DLC</subfield>
  </datafield>
  <datafield tag="043" ind1=" " ind2=" ">
    <subfield code="a">n-us---</subfield>
  </datafield>
  <datafield tag="050" ind1="0" ind2="0">
    <subfield code="a">PN1995.9.N4</subfield>
    <subfield code="b">B435 2016</subfield>
  </datafield>
  <datafield tag="245" ind1="0" ind2="0">
    <subfield code="a">Beyond blaxploitation /</subfield>
    <subfield code="c">edited by Novotny Lawrence and Gerald R. Butters, Jr.</subfield>
  </datafield>
  <datafield tag="264" ind1=" " ind2="1">
    <subfield code="a">Detroit :</subfield>
    <subfield code="b">Wayne State University Press,</subfield>
    <subfield code="c">[2016]</subfield>
  </datafield>
  <datafield tag="264" ind1=" " ind2="4">
    <subfield code="c">©2016</subfield>
  </datafield>
  <datafield tag="300" ind1=" " ind2=" ">
    <subfield code="a">x, 262 pages :</subfield>
    <subfield code="b">illustrations ;</subfield>
    <subfield code="c">23 cm.</subfield>
  </datafield>
  <datafield tag="336" ind1=" " ind2=" ">
    <subfield code="a">text</subfield>
    <subfield code="b">txt</subfield>
    <subfield code="2">rdacontent</subfield>
  </datafield>
  <datafield tag="336" ind1=" " ind2=" ">
    <subfield code="a">still image</subfield>
    <subfield code="b">sti</subfield>
    <subfield code="2">rdacontent</subfield>
  </datafield>
  <datafield tag="337" ind1=" " ind2=" ">
    <subfield code="a">unmediated</subfield>
    <subfield code="b">n</subfield>
    <subfield code="2">rdamedia</subfield>
  </datafield>
  <datafield tag="338" ind1=" " ind2=" ">
    <subfield code="a">volume</subfield>
    <subfield code="b">nc</subfield>
    <subfield code="2">rdacarrier</subfield>
  </datafield>
  <datafield tag="490" ind1="0" ind2=" ">
    <subfield code="a">Contemporary Approaches to Film and Media Series</subfield>
  </datafield>
  <datafield tag="504" ind1=" " ind2=" ">
    <subfield code="a">Includes bibliographical references and indexes.</subfield>
  </datafield>
  <datafield tag="505" ind1="0" ind2="0">
    <subfield code="a">Machine generated contents note:</subfield>
    <subfield code="g">I.</subfield>
    <subfield code="t">Pioneer to Precursor to Blaxploitation --</subfield>
    <subfield code="g">1.</subfield>
    <subfield code="t">The &quot;Black Enough&quot; Visual Aesthetic in Cotton Comes to Harlem /</subfield>
    <subfield code="r">Vivian Halloran --</subfield>
    <subfield code="g">2.</subfield>
    <subfield code="t">Racial Exploitation in Watermelon Man: Contemporary Applications /</subfield>
    <subfield code="r">Charles E. Wilson, Jr. --</subfield>
    <subfield code="g">3.</subfield>
    <subfield code="t">Sweetback in Chicago /</subfield>
    <subfield code="r">Gerald R. Butters, Jr. --</subfield>
    <subfield code="g">II.</subfield>
    <subfield code="t">The Canon and the Not So Canon --</subfield>
    <subfield code="g">4.</subfield>
    <subfield code="t">In the Beginning There Was Shaft /</subfield>
    <subfield code="r">Eric Pierson --</subfield>
    <subfield code="g">5.</subfield>
    <subfield code="t">The Blood of the Thing (Is the Truth of the Thing): Viral Pathogens and Uncanny Ontologies in Ganja and Hess /</subfield>
    <subfield code="r">Harrison M.J. Sherrod --</subfield>
    <subfield code="g">6.</subfield>
    <subfield code="t">A White Rim for a Blaxploitation Audience? The Making and Marketing of Detroit 9000 /</subfield>
    <subfield code="r">Novotny Lawrence --</subfield>
    <subfield code="g">7.</subfield>
    <subfield code="t">As Foxy as Can Be: The Melodramatic Mode in Blaxploitation Cinema /</subfield>
    <subfield code="r">Joseph S. Valle --</subfield>
    <subfield code="g">III.</subfield>
    <subfield code="t">Was, Is, or Isn&apos;t Blaxploitation --</subfield>
    <subfield code="g">8.</subfield>
    <subfield code="t">Stomping on Stepin Fetchit: Historicizing &quot;Blackness&quot; in African American Film Culture of the 1970s /</subfield>
    <subfield code="r">Allyson Nadia Field --</subfield>
    <subfield code="g">9.</subfield>
    <subfield code="t">Norman It&apos;s Not about You: Decentering Black Gayness in Norman... Is That You? /</subfield>
    <subfield code="r">Alfred L. Martin, Jr. --</subfield>
    <subfield code="g">10.</subfield>
    <subfield code="t">Making Exploitation Black: How 1970s &quot;Blaxploitation&quot; Discourse Marginalized Industry History and Constructed Black Viewers&apos; Tastes /</subfield>
    <subfield code="r">Laura Cook Kenna --</subfield>
    <subfield code="g">11.</subfield>
    <subfield code="t">From Harlem to Hollywood: The 1970s Renaissance and Blaxploitation /</subfield>
    <subfield code="r">Walter Metz.</subfield>
  </datafield>
  <datafield tag="650" ind1=" " ind2="0">
    <subfield code="a">Blaxploitation films</subfield>
    <subfield code="z">United States</subfield>
    <subfield code="x">History and criticism.</subfield>
  </datafield>
  <datafield tag="700" ind1="1" ind2=" ">
    <subfield code="a">Butters, Gerald R.,</subfield>
    <subfield code="d">1961-</subfield>
    <subfield code="e">editor.</subfield>
  </datafield>
  <datafield tag="700" ind1="1" ind2=" ">
    <subfield code="a">Lawrence, Novotny,</subfield>
    <subfield code="d">1973-</subfield>
    <subfield code="e">editor.</subfield>
  </datafield>
  <datafield tag="830" ind1=" " ind2="0">
    <subfield code="a">Contemporary approaches to film and media series.</subfield>
  </datafield>
</record>